
@book{kutz_2013,
    place={Oxford}, 
    title={Data-driven modeling \& scientific computation: methods for complex systems \& big data},
    publisher={Oxford University Press},
    author={Kutz, Jose Nathan},
    year={2013}
}

 @mastersthesis{Wichman,
 	author		= {Wichman, Sarah},
 	title 		= {Large-Scale Dynamic Testing of Rocking Cross Laminated Timber Walls},
 	school 		= {University of Washington},
 	address 	= {Seattle, WA},
 	year 		= {2018},
 }
 
  @mastersthesis{DeMeza,
 	author		= {DeMeza, Brian},
 	title 		= {Design and Testing of Shake-Table Specimen of Cross-Laminated Timber and Cross-Laminated Timber-Concrete Composite Diaphragms},
 	school 		= {Oregon State University},
 	address 	= {Corvallis, OR},
 	year 		= {2018},	
 }
 
 @article{Pei,
  author = {Pei, Shiling and et. al},
  title = {Experimental seismic response of a resilient two-story mass timber building with post-tensioned rocking walls},
  journal = {ASCE Journal of Structural Engineering},
  year = {2019},
  volume = {145},
  number = {11},
  pages = {04019120},
 }
 
 @online{TallWood,
    author = {Colorado School of Mines},
    title = {NHERI TallWood},
    year = {2020},
    url = {http://nheritallwood.mines.edu/},
    note = {Accessed: 2020-03-19}
    }
 
 @misc{DesignSafe,
    author = {Rathje, E. and Dawson, C. and  Padgett, J.E. and Pinelli, J.-P. and Stanzione, D. and Adair, A. and Arduino, P. and Brandenberg, S.J. and Cockerill, T. and Dey, C. and Esteva, M. and Haan, Jr., F.L. and Hanlon, M. and Kareem, A. and Lowes, L. and Mock, S. and Mosqueda, G.},
    year = {2017},
    title = {DesignSafe: A New Cyberinfrastructure for Natural Hazards Engineering},
    howpublished = {ASCE Natural Hazards Review, doi: 10.1061/(ASCE)NH.1527-6996.0000246}
    }